@Article{Berrut2004,
  author = 	 {J.P. Berrut and L.N. Trefethen},
  title = 	 {Barycentric Lagrange Interpolation},
  journal = 	 {SIAM},
  year = 	 {2004},
  OPTkey = 	 {},
  volume = 	 {46},
  number = 	 {3},
  pages = 	 {501--517},
  OPTmonth = 	 {},
  OPTnote = 	 {},
  OPTannote = 	 {}
}

