@Article{Berrut2004,
  author = 	 {J.P. Berrut and L.N. Trefethen},
  title = 	 {Barycentric Lagrange Interpolation},
  journal = 	 {SIAM},
  year = 	 {2004},
  OPTkey = 	 {},
  volume = 	 {46},
  number = 	 {3},
  pages = 	 {501--517},
  OPTmonth = 	 {},
  OPTnote = 	 {},
  OPTannote = 	 {}
}

@article{fornberg_generation_1988,
	title = {Generation of Finite Difference Formulas on Arbitrarily Spaced Grids},
	volume = {51},
	number = {184},
	journal = {Mathematics of Computation},
	author = {Fornberg, Bengt},
	month = {oct},
	year = {1988},
	pages = {699--706},
}

@article{fornberg_classroom_1998,
	title = {Classroom note: Calculation of weights in finite difference formulas},
	volume = {40},
	shorttitle = {Classroom note},
	url = {http://epubs.siam.org/doi/abs/10.1137/S0036144596322507},
	number = {3},
	urldate = {2013-05-29},
	journal = {{SIAM} review},
	author = {Fornberg, Bengt},
	year = {1998},
	pages = {685--691},
}

@article{arXiv_splines,
  author    = {Cristian Constantin Lalescu},
  title     = {Two hierarchies of spline interpolations. Practical algorithms
               for multivariate higher order splines},
  journal   = {ArXiv e-prints},
  eprint    = {0905.3564},
  year      = {2009},
  url        = {http://arxiv.org/abs/0905.3564},
  bibsource = {DBLP, http://dblp.uni-trier.de}
}

@article{channel_paper,
    author = {{J. Graham} and
              {K. Kanov} and
              {X.I.A. Yang} and
              {M. K.Lee} and
              {N. Malaya} and
              {C.C. Lalescu} and
              {R. Burns} and
              {G. Eyink} and
              {A. Szalay} and
              {R.D. Moser} and
              {C. Meneveau}},
    title = {A Web Services-accessible database of turbulent channel flow and its use for testing a new integral wall model for LES},
    year = {2015},
    journal = {to be submitted},
}
