@article{LR07,
author = {Livescu,D. and Ristorcelli,J. R.},
title = {Buoyancy-driven variable-density turbulence},
journal = {Journal of Fluid Mechanics},
volume = {591},
year = {2007},
issn = {1469-7645},
pages = {43--71},
numpages = {29},
doi = {10.1017/S0022112007008270},
URL = {http://journals.cambridge.org/article_S0022112007008270},
}

@article{LR08,
author = {Livescu,D. and Ristorcelli,J. R.},
title = {Variable-density mixing in buoyancy-driven turbulence},
journal = {Journal of Fluid Mechanics},
volume = {605},
year = {2008},
issn = {1469-7645},
pages = {145--180},
numpages = {36},
doi = {10.1017/S0022112008001481},
URL = {http://journals.cambridge.org/article_S0022112008001481},
}

@article{Livescu13,
   author = {{Livescu}, D.},
    title = "{Numerical simulations of two-fluid turbulent mixing at large density ratios and applications to the Rayleigh-Taylor instability}",
  journal = {Royal Society of London Philosophical Transactions Series A},
     year = 2013,
   volume = 371,
    pages = {20185},
      doi = {10.1098/rsta.2012.0185},
   adsurl = {http://adsabs.harvard.edu/abs/2013RSPTA.37120185L},
  adsnote = {Provided by the SAO/NASA Astrophysics Data System}
}

@article{BCC92,
   author = {{Batchelor}, G.~K. and {Canuto}, V.~M. and {Chasnov}, J.~R.},
    title = "{Homogeneous buoyancy-generated turbulence}",
  journal = {Journal of Fluid Mechanics},
 keywords = {Buoyancy, Flow Distribution, Flow Equations, Homogeneous Turbulence, Equations Of Motion, Flow Velocity, Flow Visualization},
     year = 1992,
   volume = 235,
    pages = {349-378},
      doi = {10.1017/S0022112092001149},
   adsurl = {http://adsabs.harvard.edu/abs/1992JFM...235..349B},
  adsnote = {Provided by the SAO/NASA Astrophysics Data System}
}

@article{LRGDCC09,
author = {Livescu, D. and Ristorcelli, J. R. and Gore, R. A. and Dean, S. H. and Cabot, W. H. and Cook, A. W.},
title = "{High-Reynolds number Rayleigh-Taylor turbulence}",
journal = {Journal of Turbulence},
volume = {10},
number = {},
pages = {N13},
year = {2009},
doi = {10.1080/14685240902870448}
}

@TECHREPORT{cfdns,
  AUTHOR =        {{Livescu}, D. and {Mohd-Yusof}, J. and {Petersen}, M.~R. and {Grove}, J.~W.},
  TITLE =         "{CFDNS: A computer code for direct numerical simulation of turbulent flows.}",
  NUMBER =        {LA-CC-09-100},
  INSTITUTION =   {Los Alamos National Laboratory},
  YEAR  =         {2009}
}
