@Article{Orszag1971,
  author = 	 {S. A. Orszag},
  title = 	 {On the elimination of aliasing in finite--difference schemes by filtering high--wavenumber components},
  journal = 	 {J. Atmos. Sci.},
  year = 	 {1971},
  OPTkey = 	 {},
  volume = 	 {28},
  OPTnumber = 	 {},
  pages = 	 {1074--1074},
  OPTmonth = 	 {},
  OPTnote = 	 {},
  OPTannote = 	 {}
}

@InProceedings{Lee2013,
  author = 	 {M. Lee and N. Malaya and R. D. Moser},
  title = 	 {Petascale Direct Numerical Simulation of Turbulent Channel Flow on up to 786K Cores},
  OPTcrossref =  {},
  OPTkey = 	 {},
  OPTbooktitle = {},
  year = 	 {2013},
  OPTeditor = 	 {},
  OPTvolume = 	 {},
  OPTnumber = 	 {},
  OPTseries = 	 {},
  OPTpages = 	 {},
  month = 	 {},
  OPTaddress = 	 {},
  organization = {Supercomputing (SC13)},
  OPTpublisher = {},
  OPTnote = 	 {},
  OPTannote = 	 {}
}

@Article{Kim1987,
  author = 	 {J. Kim and P. Moin and R. Moser},
  title = 	 {Turbulence statistics in fully developed channel flow at low
                  Reynolds number},
  journal = 	 {J. Fluid Mech.},
  year = 	 {1987},
  volume = 	 {177},
  pages = 	 {133--166},
}
