@comment{{This file has been generated by bib2bib 1.96}}

@comment{{Command line: ./bib2bib --remove abstract --remove copyright --remove url temp1.bib}}

@article{Antonialli2018,
  author = {Antonialli, Luigi A. and Silveira-neto, Aristeu and Mec{\^{a}}nica, Faculdade De Engenharia and Uberl{\^{a}}ndia, Universidade Federal De and Gerais, Minas},
  doi = {10.4236/jamp.2018.64061},
  issn = {2327-4352},
  journal = {Journal of Applied Mathematics and Physics},
  keywords = {Channel,Mixing Length,Pipe,Turbulent Flow},
  month = {apr},
  number = {04},
  pages = {677--692},
  publisher = {Scientific Research Publishing},
  title = {{Theoretical Study of Fully Developed Turbulent Flow in a Channel, Using Prandtl's Mixing Length Model}},
  volume = {06},
  year = {2018}
}

@article{Ballester-Ripoll2018,
  archiveprefix = {arXiv},
  arxivid = {1806.05952},
  author = {Ballester-Ripoll, Rafael and Lindstrom, Peter and Pajarola, Renato},
  eprint = {1806.05952},
  month = {jun},
  title = {{TTHRESH: Tensor Compression for Multidimensional Visual Data}},
  year = {2018}
}

@article{Ballouz2018,
  author = {Ballouz, Joseph G. and Ouellette, Nicholas T.},
  doi = {10.1017/jfm.2017.802},
  file = {:Users/zzwz02/Documents/Mendeley Desktop/Ballouz, Ouellette, 2018, Tensor geometry in the turbulent cascade.pdf:pdf},
  issn = {14697645},
  journal = {Journal of Fluid Mechanics},
  keywords = {turbulence theory,turbulent flows},
  month = {jan},
  pages = {1048--1064},
  publisher = {Cambridge University Press},
  title = {{Tensor geometry in the turbulent cascade}},
  volume = {835},
  year = {2018}
}

@article{Benveniste2014,
  archiveprefix = {arXiv},
  arxivid = {1401.0521},
  author = {Benveniste, Damien and Drivas, Theodore D.},
  doi = {10.1103/PhysRevE.89.041003},
  eprint = {1401.0521},
  issn = {15502376},
  journal = {Physical Review E},
  month = {apr},
  number = {4},
  pages = {041003},
  title = {{Asymptotic results for backwards two-particle dispersion in a turbulent flow}},
  volume = {89},
  year = {2014}
}

@article{Bernard2018,
  author = {Bernard, Peter S. and Erinin, Martin A.},
  doi = {10.1017/jfm.2018.333},
  file = {:Users/zzwz02/Documents/Mendeley Desktop/Bernard, Erinin, 2018, Fluid particle dynamics and the non-local origin of the Reynolds shear stress.pdf:pdf},
  issn = {0022-1120},
  journal = {Journal of Fluid Mechanics},
  keywords = {turbulence modelling,turbulence theory,turbulent flows},
  month = {jul},
  pages = {520--551},
  publisher = {Cambridge University Press},
  title = {{Fluid particle dynamics and the non-local origin of the Reynolds shear stress}},
  volume = {847},
  year = {2018}
}

@article{Bhat2013,
  author = {Bhat, Pallavi and Subramanian, Kandaswamy},
  doi = {10.1093/mnras/sts516},
  file = {:Users/zzwz02/Documents/Mendeley Desktop/Bhat, Subramanian, 2013, Fluctuation dynamos and their Faraday rotation signatures.pdf:pdf},
  issn = {1365-2966},
  journal = {Monthly Notices of the Royal Astronomical Society},
  month = {mar},
  number = {3},
  pages = {2469--2481},
  publisher = {Oxford University Press},
  title = {{Fluctuation dynamos and their Faraday rotation signatures}},
  volume = {429},
  year = {2013}
}

@article{Buchmann2012,
  author = {Buchmann, Nicolas A. and Willert, Christian E. and Soria, Julio},
  doi = {10.1007/s00348-012-1374-5},
  file = {:Users/zzwz02/Documents/Mendeley Desktop/Buchmann, Willert, Soria, 2012, Pulsed, high-power LED illumination for tomographic particle image velocimetry.pdf:pdf},
  isbn = {0723-4864},
  issn = {07234864},
  journal = {Experiments in Fluids},
  month = {nov},
  number = {5},
  pages = {1545--1560},
  publisher = {Springer-Verlag},
  title = {{Pulsed, high-power LED illumination for tomographic particle image velocimetry}},
  volume = {53},
  year = {2012}
}

@article{Byron2015,
  archiveprefix = {arXiv},
  arxivid = {1412.3166},
  author = {Byron, M. and Einarsson, J. and Gustavsson, K. and Voth, G. and Mehlig, B. and Variano, E.},
  doi = {10.1063/1.4913501},
  eprint = {1412.3166},
  issn = {10897666},
  journal = {Physics of Fluids},
  month = {mar},
  number = {3},
  pages = {035101},
  title = {{Shape-dependence of particle rotation in isotropic turbulence}},
  volume = {27},
  year = {2015}
}

@article{Candelier2016,
  archiveprefix = {arXiv},
  arxivid = {1607.06964},
  author = {Candelier, F. and Einarsson, J. and Mehlig, B.},
  doi = {10.1103/PhysRevLett.117.204501},
  eprint = {1607.06964},
  issn = {10797114},
  journal = {Physical Review Letters},
  month = {nov},
  number = {20},
  pages = {204501},
  title = {{Angular dynamics of a small particle in turbulence}},
  volume = {117},
  year = {2016}
}

@article{Canet2017,
  archiveprefix = {arXiv},
  arxivid = {1607.03098},
  author = {Canet, L{\'{e}}onie and Rossetto, Vincent and Wschebor, Nicol{\'{a}}s and Balarac, Guillaume},
  doi = {10.1103/PhysRevE.95.023107},
  eprint = {1607.03098},
  issn = {24700053},
  journal = {Physical Review E},
  month = {feb},
  number = {2},
  pages = {023107},
  title = {{Spatiotemporal velocity-velocity correlation function in fully developed turbulence}},
  volume = {95},
  year = {2017}
}

@article{Cardesa2013,
  author = {Cardesa, J. A.I. and Mistry, D and Gan, L. and Dawson, J. A.R.},
  doi = {10.1017/jfm.2012.558},
  file = {:Users/zzwz02/Documents/Mendeley Desktop/Cardesa et al., 2013, Invariants of the reduced velocity gradient tensor in turbulent flows.pdf:pdf},
  issn = {00221120},
  journal = {Journal of Fluid Mechanics},
  keywords = {isotropic turbulence,turbulence theory,turbulent flows},
  month = {feb},
  pages = {597--615},
  title = {{Invariants of the reduced velocity gradient tensor in turbulent flows}},
  volume = {716},
  year = {2013}
}

@article{Chang2015,
  author = {Chang, Tom and chin Wu, Cheng and Echim, Marius and Lamy, Herv{\'{e}} and Vogelsberger, Mark and Hernquist, Lars and Sijacki, Debora},
  doi = {10.1007/s00024-014-0874-z},
  file = {:Users/zzwz02/Documents/Mendeley Desktop/Chang et al., 2015, Complexity Phenomena and ROMA of the Earth's Magnetospheric Cusp, Hydrodynamic Turbulence, and the Cosmic Web.pdf:pdf},
  issn = {14209136},
  journal = {Pure and Applied Geophysics},
  keywords = {Fractals,ROMA,cosmic gas,fluid turbulence,magnetospheric cusp},
  month = {jul},
  number = {7},
  pages = {2025--2043},
  publisher = {Springer Basel},
  title = {{Complexity Phenomena and ROMA of the Earth's Magnetospheric Cusp, Hydrodynamic Turbulence, and the Cosmic Web}},
  volume = {172},
  year = {2015}
}

@article{Chapelier2016,
  author = {Chapelier, J. B. and Lodato, G. and Jameson, A.},
  doi = {10.1016/j.compfluid.2016.03.006},
  issn = {00457930},
  journal = {Computers and Fluids},
  keywords = {High-order methods,Large-Eddy simulation,Spectral Difference method},
  month = {nov},
  pages = {261--280},
  title = {{A study on the numerical dissipation of the Spectral Difference method for freely decaying and wall-bounded turbulence}},
  volume = {139},
  year = {2016}
}

@article{Danish2018,
  author = {Danish, Mohammad and Meneveau, Charles},
  doi = {10.1103/PhysRevFluids.3.044604},
  issn = {2469990X},
  journal = {Physical Review Fluids},
  month = {apr},
  number = {4},
  pages = {044604},
  publisher = {American Physical Society},
  title = {{Multiscale analysis of the invariants of the velocity gradient tensor in isotropic turbulence}},
  volume = {3},
  year = {2018}
}

@article{Debue2018a,
  author = {Debue, Paul and Kuzzay, Denis and Saw, Ewe Wei and Daviaud, Fran{\c{c}}ois and Dubrulle, B{\'{e}}reng{\`{e}}re and Canet, L{\'{e}}onie and Rossetto, Vincent and Wschebor, Nicol{\'{a}}s},
  doi = {10.1103/PhysRevFluids.3.024602},
  issn = {2469990X},
  journal = {Physical Review Fluids},
  month = {feb},
  number = {2},
  pages = {024602},
  publisher = {American Physical Society},
  title = {{Experimental test of the crossover between the inertial and the dissipative range in a turbulent swirling flow}},
  volume = {3},
  year = {2018}
}

@article{Debue2018,
  author = {Debue, Paul and Kuzzay, Denis and Saw, Ewe Wei and Daviaud, Fran{\c{c}}ois and Dubrulle, B{\'{e}}reng{\`{e}}re and Canet, L{\'{e}}onie and Rossetto, Vincent and Wschebor, Nicol{\'{a}}s},
  doi = {10.1103/PhysRevFluids.3.024602},
  file = {:Users/zzwz02/Documents/Mendeley Desktop/Debue et al., 2018, Experimental test of the crossover between the inertial and the dissipative range in a turbulent swirling flow.pdf:pdf},
  issn = {2469990X},
  journal = {Physical Review Fluids},
  month = {feb},
  number = {2},
  pages = {024602},
  publisher = {American Physical Society},
  title = {{Experimental test of the crossover between the inertial and the dissipative range in a turbulent swirling flow}},
  volume = {3},
  year = {2018}
}

@article{Discetti2018,
  author = {Discetti, Stefano and Raiola, Marco and Ianiro, Andrea},
  doi = {10.1016/j.expthermflusci.2017.12.011},
  issn = {08941777},
  journal = {Experimental Thermal and Fluid Science},
  keywords = {Dynamic estimation,Linear stochastic estimation,PIV,Proper orthogonal decomposition},
  month = {may},
  pages = {119--130},
  publisher = {Elsevier},
  title = {{Estimation of time-resolved turbulent fields through correlation of non-time-resolved field measurements and time-resolved point measurements}},
  volume = {93},
  year = {2018}
}

@article{Drivas2017,
  author = {Drivas, Theodore D. and Eyink, Gregory L.},
  doi = {10.1017/jfm.2017.571},
  file = {:Users/zzwz02/Documents/Mendeley Desktop/Drivas, Eyink, 2017, A Lagrangian fluctuation – dissipation relation for scalar turbulence . Part II . Wall-bounded flows.pdf:pdf},
  issn = {0022-1120},
  journal = {Journal of Fluid Mechanics},
  keywords = {mathematical foundations,turbulence theory,turbulent mixing},
  month = {oct},
  pages = {236--279},
  publisher = {Cambridge University Press},
  title = {{A Lagrangian fluctuation – dissipation relation for scalar turbulence . Part II . Wall-bounded flows}},
  volume = {829},
  year = {2017}
}

@article{Elsas2018,
  archiveprefix = {arXiv},
  arxivid = {1708.05409},
  author = {Elsas, Jos{\'{e}} Hugo and Szalay, Alexander S. and Meneveau, Charles},
  doi = {10.1080/14685248.2018.1424995},
  eprint = {1708.05409},
  issn = {14685248},
  journal = {Journal of Turbulence},
  keywords = {Isotropic turbulence,chaos and fractals,direct numerical simulation},
  month = {apr},
  number = {4},
  pages = {297--321},
  publisher = {Taylor {\&} Francis},
  title = {{Geometry and scaling laws of excursion and iso-sets of enstrophy and dissipation in isotropic turbulence}},
  volume = {19},
  year = {2018}
}

@article{Elsinga2016,
  author = {Elsinga, G. E. and Marusic, I.},
  doi = {10.1063/1.4939471},
  file = {:Users/zzwz02/Documents/Mendeley Desktop/Elsinga, Marusic, 2016, The anisotropic structure of turbulence and its energy spectrum.pdf:pdf},
  isbn = {doi:10.1063/1.4939471},
  issn = {1070-6631},
  journal = {Physics of Fluids},
  month = {jan},
  number = {1},
  pages = {011701},
  title = {{The anisotropic structure of turbulence and its energy spectrum}},
  volume = {28},
  year = {2016}
}

@article{Eyink2011,
  author = {Eyink, Gregory L.},
  doi = {10.1103/PhysRevE.83.056405},
  file = {:Users/zzwz02/Documents/Mendeley Desktop/Eyink, 2011, Stochastic flux freezing and magnetic dynamo.pdf:pdf},
  issn = {15393755},
  journal = {Physical Review E},
  month = {may},
  number = {5},
  pages = {056405},
  pmid = {21728673},
  publisher = {American Physical Society},
  title = {{Stochastic flux freezing and magnetic dynamo}},
  volume = {83},
  year = {2011}
}

@article{Eyink2013,
  archiveprefix = {arXiv},
  arxivid = {1306.6388},
  author = {Eyink, Gregory L. and Benveniste, Damien},
  doi = {10.1103/PhysRevE.88.041001},
  eprint = {1306.6388},
  file = {:Users/zzwz02/Documents/Mendeley Desktop/Eyink, Benveniste, 2013, Diffusion approximation in turbulent two-particle dispersion.pdf:pdf},
  isbn = {1539-3755$\backslash$r1550-2376},
  issn = {15393755},
  journal = {Physical Review E},
  month = {oct},
  number = {4},
  pages = {041001},
  pmid = {24229107},
  publisher = {American Physical Society},
  title = {{Diffusion approximation in turbulent two-particle dispersion}},
  volume = {88},
  year = {2013}
}

@article{Eyink2013a,
  author = {Eyink, Gregory and Vishniac, Ethan and Lalescu, Cristian and Aluie, Hussein and Kanov, Kalin and B{\"{u}}rger, Kai and Burns, Randal and Meneveau, Charles and Szalay, Alexander},
  doi = {10.1038/nature12128},
  file = {:Users/zzwz02/Documents/Mendeley Desktop/Eyink et al., 2013, Flux-freezing breakdown in high-conductivity magnetohydrodynamic turbulence.pdf:pdf},
  isbn = {1476-4687 (Electronic)$\backslash$r0028-0836 (Linking)},
  issn = {00280836},
  journal = {Nature},
  keywords = {Applied mathematics,Astronomy and astrophysics,Astrophysical plasmas,Information technology},
  month = {may},
  number = {7450},
  pages = {466--469},
  pmid = {23698445},
  publisher = {Nature Publishing Group},
  title = {{Flux-freezing breakdown in high-conductivity magnetohydrodynamic turbulence}},
  volume = {497},
  year = {2013}
}

@article{Fang2015,
  archiveprefix = {arXiv},
  arxivid = {arXiv:1511.06501v1},
  author = {Fang, L. and Bos, W. J.T. and Jin, G. D.},
  doi = {10.1063/1.4936140},
  eprint = {arXiv:1511.06501v1},
  issn = {10897666},
  journal = {Physics of Fluids},
  month = {dec},
  number = {12},
  pages = {125102},
  title = {{Short-time evolution of Lagrangian velocity gradient correlations in isotropic turbulence}},
  volume = {27},
  year = {2015}
}

@article{Fiscaletti2014,
  author = {Fiscaletti, D. and Westerweel, J. and Elsinga, G. E.},
  doi = {10.1007/s00348-014-1812-7},
  file = {:Users/zzwz02/Documents/Mendeley Desktop/Fiscaletti, Westerweel, Elsinga, 2014, Long-range $\mu$PIV to resolve the small scales in a jet at high Reynolds number.pdf:pdf},
  isbn = {07234864 (ISSN)},
  issn = {07234864},
  journal = {Experiments in Fluids},
  keywords = {High Reynolds number,Long-range $\mu$PIV,Small scales},
  month = {sep},
  number = {9},
  pages = {1--15},
  publisher = {Springer Berlin Heidelberg},
  title = {{Long-range $\mu$PIV to resolve the small scales in a jet at high Reynolds number}},
  volume = {55},
  year = {2014}
}

@article{Fouxon2018,
  author = {Fouxon, Itzhak and Schmidt, Lukas and Ditlevsen, Peter and Reeuwijk, Maarten Van and Holzner, Markus},
  doi = {10.1103/PhysRevFluids.3.064301},
  issn = {2469-990X},
  journal = {Physical Review Fluids},
  keywords = {doi:10.1103/PhysRevFluids.3.064301 url:https://doi},
  month = {jun},
  number = {6},
  pages = {064301},
  publisher = {American Physical Society},
  title = {{Inhomogeneous growth of fluctuations of concentration of inertial particles in channel turbulence}},
  volume = {3},
  year = {2018}
}

@article{Grinstein2012,
  author = {Grinstein, F F and Gowardhan, A A and Ristorcelli, J R and Wachtor, A J},
  doi = {10.1088/0031-8949/86/05/058203},
  issn = {00318949},
  journal = {Physica Scripta},
  month = {nov},
  number = {5},
  pages = {058203},
  publisher = {IOP Publishing},
  title = {{On coarse-grained simulations of turbulent material mixing}},
  volume = {86},
  year = {2012}
}

@article{Grinstein2011,
  author = {Grinstein, F. F. and Gowardhan, A. A. and Wachtor, A. J.},
  doi = {10.1063/1.3555635},
  isbn = {1070-6631},
  issn = {10706631},
  journal = {Physics of Fluids},
  month = {mar},
  number = {3},
  pages = {034106},
  title = {{Simulations of Richtmyer-Meshkov instabilities in planar shock-tube experiments}},
  volume = {23},
  year = {2011}
}

@misc{Gungor2010,
  author = {Gungor, Ayse Gul and Menon, Suresh},
  booktitle = {Progress in Aerospace Sciences},
  doi = {10.1016/j.paerosci.2009.10.001},
  issn = {03760421},
  keywords = {Large eddy simulation,Near-wall modeling,Two-scale model,Wall-bounded flows},
  month = {jan},
  number = {1},
  pages = {28--45},
  publisher = {Pergamon},
  title = {{A new two-scale model for large eddy simulation of wall-bounded flows}},
  volume = {46},
  year = {2010}
}

@article{Gustavsson2014,
  archiveprefix = {arXiv},
  arxivid = {1305.1822},
  author = {Gustavsson, K. and Einarsson, J. and Mehlig, B.},
  doi = {10.1103/PhysRevLett.112.014501},
  eprint = {1305.1822},
  issn = {00319007},
  journal = {Physical Review Letters},
  month = {jan},
  number = {1},
  pages = {014501},
  title = {{Tumbling of small axisymmetric particles in random and turbulent flows}},
  volume = {112},
  year = {2014}
}

@article{Higham2016,
  author = {Higham, J E and Brevis, W and Keylock, C J},
  doi = {10.1088/0957-0233/27/12/125303},
  issn = {13616501},
  journal = {Measurement Science and Technology},
  keywords = {experimental fluid mechanics,image processing,outlier detection,particle image velocimetry,proper orthogonal decomposition},
  month = {dec},
  number = {12},
  pages = {125303},
  title = {{A rapid non-iterative proper orthogonal decomposition based outlier detection and correction for PIV data}},
  volume = {27},
  year = {2016}
}

@article{Holzner2010,
  archiveprefix = {arXiv},
  arxivid = {1002.1724},
  author = {Holzner, M. and Guala, M. and L{\"{u}}thi, B. and Liberzon, A. and Nikitin, N. and Kinzelbach, W. and Tsinober, A.},
  doi = {10.1063/1.3442477},
  eprint = {1002.1724},
  file = {:Users/zzwz02/Documents/Mendeley Desktop/Holzner et al., 2010, Viscous tilting and production of vorticity in homogeneous turbulence.pdf:pdf},
  issn = {10706631},
  journal = {Physics of Fluids},
  keywords = {flow simulation,flow visualisation,turbulence,vortices},
  month = {jun},
  number = {6},
  pages = {1--4},
  publisher = {American Institute of Physics},
  title = {{Viscous tilting and production of vorticity in homogeneous turbulence}},
  volume = {22},
  year = {2010}
}

@article{Iacobello2018,
  author = {Iacobello, Giovanni and Scarsoglio, Stefania and Ridolfi, Luca},
  doi = {10.1016/j.physleta.2017.10.027},
  issn = {03759601},
  journal = {Physics Letters A},
  keywords = {Complex networks,Direct numerical simulations,Time-series analysis,Turbulent channel flows,Visibility graph},
  month = {jan},
  number = {1},
  pages = {1--11},
  title = {{Visibility graph analysis of wall turbulence time-series}},
  volume = {382},
  year = {2018}
}

@article{Illingworth2018,
  author = {Illingworth, Simon J. and Monty, Jason P. and Marusic, Ivan},
  doi = {10.1017/jfm.2018.129},
  file = {:Users/zzwz02/Documents/Mendeley Desktop/Illingworth, Monty, Marusic, 2018, Estimating large-scale structures in wall turbulence using linear models.pdf:pdf},
  issn = {14697645},
  journal = {Journal of Fluid Mechanics},
  keywords = {turbulence control,turbulence modelling,turbulent flows},
  month = {may},
  pages = {146--162},
  publisher = {Cambridge University Press},
  title = {{Estimating large-scale structures in wall turbulence using linear models}},
  volume = {842},
  year = {2018}
}

@article{Johnson2017,
  author = {Johnson, Perry L. and Hamilton, Stephen S. and Burns, Randal and Meneveau, Charles},
  doi = {10.1103/PhysRevFluids.2.014605},
  file = {:Users/zzwz02/Documents/Mendeley Desktop/Johnson et al., 2017, Analysis of geometrical and statistical features of Lagrangian stretching in turbulent channel flow using a databa.pdf:pdf},
  issn = {2469990X},
  journal = {Physical Review Fluids},
  month = {jan},
  number = {1},
  pages = {014605},
  publisher = {American Physical Society},
  title = {{Analysis of geometrical and statistical features of Lagrangian stretching in turbulent channel flow using a database task-parallel particle tracking algorithm}},
  volume = {2},
  year = {2017}
}

@article{Johnson2015,
  author = {Johnson, Perry L. and Meneveau, Charles},
  doi = {10.1063/1.4928699},
  issn = {10897666},
  journal = {Physics of Fluids},
  month = {aug},
  number = {8},
  pages = {085110},
  title = {{Large-deviation joint statistics of the finite-time Lyapunov spectrum in isotropic turbulence}},
  volume = {27},
  year = {2015}
}

@article{Johnson2016,
  author = {Johnson, Perry L. and Meneveau, Charles},
  doi = {10.1103/PhysRevE.93.033118},
  issn = {24700053},
  journal = {Physical Review E},
  month = {mar},
  number = {3},
  pages = {033118},
  title = {{Large-deviation statistics of vorticity stretching in isotropic turbulence}},
  volume = {93},
  year = {2016}
}

@article{Johnson2016a,
  archiveprefix = {arXiv},
  arxivid = {1603.02953},
  author = {Johnson, Perry L. and Meneveau, Charles},
  doi = {10.1017/jfm.2016.551},
  eprint = {1603.02953},
  issn = {14697645},
  journal = {Journal of Fluid Mechanics},
  keywords = {isotropic turbulence,turbulence modelling,turbulent flows},
  month = {oct},
  pages = {387--419},
  title = {{A closure for Lagrangian velocity gradient evolution in turbulence using recent-deformation mapping of initially Gaussian fields}},
  volume = {804},
  year = {2016}
}

@article{Johnson2018,
  author = {Johnson, Perry L. and Meneveau, Charles},
  doi = {10.1017/jfm.2017.838},
  file = {:Users/zzwz02/Documents/Mendeley Desktop/Johnson, Meneveau, 2018, Predicting viscous-range velocity gradient dynamics in large-eddy simulations of turbulence.pdf:pdf},
  issn = {14697645},
  journal = {Journal of Fluid Mechanics},
  keywords = {turbulence modelling,turbulence simulation,turbulent flows},
  month = {feb},
  pages = {80--114},
  publisher = {Cambridge University Press},
  title = {{Predicting viscous-range velocity gradient dynamics in large-eddy simulations of turbulence}},
  volume = {837},
  year = {2018}
}

@article{Jucha2014,
  archiveprefix = {arXiv},
  arxivid = {1406.4790},
  author = {Jucha, Jennifer and Xu, Haitao and Pumir, Alain and Bodenschatz, Eberhard},
  doi = {10.1103/PhysRevLett.113.054501},
  eprint = {1406.4790},
  issn = {10797114},
  journal = {Physical Review Letters},
  month = {jul},
  number = {5},
  pages = {054501},
  pmid = {25126923},
  title = {{Time-reversal-symmetry breaking in turbulence}},
  volume = {113},
  year = {2014}
}

@inproceedings{Kanzler2018,
  archiveprefix = {arXiv},
  arxivid = {1801.01155},
  author = {Kanzler, Mathias and Rautenhaus, Marc and Westermann, Ruediger},
  booktitle = {IEEE Transactions on Visualization and Computer Graphics},
  doi = {10.1109/TVCG.2018.2834372},
  eprint = {1801.01155},
  issn = {10772626},
  keywords = {Ray-casting,global illumination,large 3D line sets,transparency},
  pages = {1--1},
  title = {{A Voxel-based Rendering Pipeline for Large 3D Line Sets}},
  year = {2018}
}

@article{Keylock2012,
  author = {Keylock, C. J. and Nishimura, K. and Peinke, J.},
  doi = {10.1029/2011JF002127},
  isbn = {0148-0227},
  issn = {21699011},
  journal = {Journal of Geophysical Research: Earth Surface},
  month = {mar},
  number = {1},
  pages = {n/a--n/a},
  title = {{A classification scheme for turbulence based on the velocity-intermittency structure with an application to near-wall flow and with implications for bed load transport}},
  volume = {117},
  year = {2012}
}

@article{Keylock2011,
  author = {Keylock, C. J. and Tokyay, T. E. and Constantinescu, G.},
  doi = {10.1080/14685248.2011.636047},
  issn = {1468-5248},
  journal = {Journal of Turbulence},
  month = {jan},
  pages = {N45},
  title = {{A method for characterising the sensitivity of turbulent flow fields to the structure of inlet turbulence}},
  volume = {12},
  year = {2011}
}

@article{Keylock2017,
  author = {Keylock, Christopher J.},
  doi = {10.1103/PhysRevFluids.2.084607},
  issn = {2469990X},
  journal = {Physical Review Fluids},
  month = {aug},
  number = {8},
  pages = {084607},
  title = {{Synthetic velocity gradient tensors and the identification of statistically significant aspects of the structure of turbulence}},
  volume = {2},
  year = {2017}
}

@article{Keylock2018,
  author = {Keylock, Christopher J.},
  doi = {10.1017/jfm.2018.344},
  file = {:Users/zzwz02/Documents/Mendeley Desktop/Keylock, 2018, The Schur decomposition of the velocity gradient tensor for turbulent flows.pdf:pdf},
  issn = {0022-1120},
  journal = {Journal of Fluid Mechanics},
  keywords = {Navier–Stokes equations,isotropic turbulence,turbulence theory},
  month = {aug},
  pages = {876--905},
  publisher = {Cambridge University Press},
  title = {{The Schur decomposition of the velocity gradient tensor for turbulent flows}},
  volume = {848},
  year = {2018}
}

@article{Kopyev2018,
  author = {Kopyev, A. V.},
  doi = {10.1103/PhysRevFluids.3.024603},
  file = {:Users/zzwz02/Documents/Mendeley Desktop/Kopyev, 2018, Degeneracy of velocity strain-rate tensor statistics in random isotropic incompressible flows.pdf:pdf},
  issn = {2469990X},
  journal = {Physical Review Fluids},
  month = {feb},
  number = {2},
  pages = {024603},
  publisher = {American Physical Society},
  title = {{Degeneracy of velocity strain-rate tensor statistics in random isotropic incompressible flows}},
  volume = {3},
  year = {2018}
}

@article{Lalescu2015,
  archiveprefix = {arXiv},
  arxivid = {1503.00509},
  author = {Lalescu, Cristian C. and Shi, Yi Kang and Eyink, Gregory L. and Drivas, Theodore D. and Vishniac, Ethan T. and Lazarian, Alexander},
  doi = {10.1103/PhysRevLett.115.025001},
  eprint = {1503.00509},
  issn = {10797114},
  journal = {Physical Review Letters},
  month = {jul},
  number = {2},
  pages = {025001},
  title = {{Inertial-Range Reconnection in Magnetohydrodynamic Turbulence and in the Solar Wind}},
  volume = {115},
  year = {2015}
}

@article{Lasinger2018a,
  archiveprefix = {arXiv},
  arxivid = {1804.02872},
  author = {Lasinger, Katrin and Vogel, Christoph and Pock, Thomas and Schindler, Konrad},
  doi = {10.1088/1361-6501/aab5a0},
  eprint = {1804.02872},
  file = {:Users/zzwz02/Documents/Mendeley Desktop/Lasinger et al., 2018, Variational 3D-PIV with sparse descriptors.pdf:pdf},
  issn = {13616501},
  journal = {Measurement Science and Technology},
  keywords = {3D PIV,iterative particle reconstruction (IPR),sparse descriptor,variational flow estimation},
  month = {jun},
  number = {6},
  pages = {064010},
  publisher = {IOP Publishing},
  title = {{Variational 3D-PIV with sparse descriptors}},
  volume = {29},
  year = {2018}
}

@article{Lasinger2018,
  archiveprefix = {arXiv},
  arxivid = {1804.03037},
  author = {Lasinger, Katrin and Vogel, Christoph and Pock, Thomas and Schindler, Konrad},
  eprint = {1804.03037},
  file = {:Users/zzwz02/Documents/Mendeley Desktop/Lasinger et al., 2018, 3D Fluid Flow Estimation with Integrated Particle Reconstruction.pdf:pdf},
  month = {apr},
  title = {{3D Fluid Flow Estimation with Integrated Particle Reconstruction}},
  year = {2018}
}

@inproceedings{Lasinger2017,
  author = {Lasinger, Katrin and Vogel, Christoph and Schindler, Konrad},
  booktitle = {2017 IEEE International Conference on Computer Vision (ICCV)},
  doi = {10.1109/ICCV.2017.280},
  isbn = {978-1-5386-1032-9},
  issn = {15505499},
  month = {oct},
  pages = {2584--2592},
  publisher = {IEEE},
  title = {{Volumetric Flow Estimation for Incompressible Fluids Using the Stationary Stokes Equations}},
  year = {2017}
}

@article{Laskari2016,
  author = {Laskari, A. and de Kat, R. and Ganapathisubramani, B.},
  doi = {10.1007/s00348-016-2129-5},
  file = {:Users/zzwz02/Documents/Mendeley Desktop/Laskari, de Kat, Ganapathisubramani, 2016, Full-field pressure from snapshot and time-resolved volumetric PIV.pdf:pdf},
  issn = {07234864},
  journal = {Experiments in Fluids},
  month = {mar},
  number = {3},
  pages = {1--14},
  publisher = {Springer Berlin Heidelberg},
  title = {{Full-field pressure from snapshot and time-resolved volumetric PIV}},
  volume = {57},
  year = {2016}
}

@article{Lawson2015,
  author = {Lawson, J. M. and Dawson, J. R.},
  doi = {10.1017/jfm.2015.452},
  file = {:Users/zzwz02/Documents/Mendeley Desktop/Lawson, Dawson, 2015, On velocity gradient dynamics and turbulent structure.pdf:pdf},
  issn = {0022-1120},
  journal = {Journal of Fluid Mechanics},
  keywords = {homogeneous turbulence,turbulence modelling,turbulent flows},
  month = {oct},
  pages = {60--98},
  title = {{On velocity gradient dynamics and turbulent structure}},
  volume = {780},
  year = {2015}
}

@inproceedings{Leaf2017,
  author = {Leaf, Nick and Miller, Bob and Ma, Kwan-Liu},
  booktitle = {2017 IEEE 7th Symposium on Large Data Analysis and Visualization (LDAV)},
  doi = {10.1109/LDAV.2017.8231852},
  isbn = {978-1-5386-0617-9},
  month = {oct},
  pages = {64--73},
  publisher = {IEEE},
  title = {{In situ video encoding of floating-point volume data using special-purpose hardware for a posteriori rendering and analysis}},
  year = {2017}
}

@article{Li2018,
  author = {Li, Feng and Song, Fengguang},
  doi = {10.1002/cpe.4703},
  issn = {15320626},
  journal = {Concurrency and Computation: Practice and Experience},
  keywords = {DataSpaces,computational fluid dynamics,high performance computing,machine learning,real‐time online data analytics,scientific workflows},
  month = {jun},
  pages = {e4703},
  publisher = {Wiley-Blackwell},
  title = {{Building a scientific workflow framework to enable real-time machine learning and visualization}},
  year = {2018}
}

@article{Li2009,
  archiveprefix = {arXiv},
  arxivid = {0704.3781},
  author = {Li, Yi and Chevillard, Laurent and Eyink, Gregory and Meneveau, Charles},
  doi = {10.1103/PhysRevE.79.016305},
  eprint = {0704.3781},
  file = {:Users/zzwz02/Documents/Mendeley Desktop/Li et al., 2009, Matrix exponential-based closures for the turbulent subgrid-scale stress tensor.pdf:pdf},
  isbn = {1539-3755},
  issn = {15393755},
  journal = {Physical Review E},
  month = {jan},
  number = {1},
  pages = {016305},
  pmid = {19257137},
  publisher = {American Physical Society},
  title = {{Matrix exponential-based closures for the turbulent subgrid-scale stress tensor}},
  volume = {79},
  year = {2009}
}

@article{Lian2017,
  author = {Lian, Huan and Soulopoulos, Nikolaos and Hardalupas, Yannis},
  doi = {10.1007/s00348-017-2395-x},
  file = {:Users/zzwz02/Documents/Mendeley Desktop/Lian, Soulopoulos, Hardalupas, 2017, Evaluation of the topological characteristics of the turbulent flow in a ‘box of turbulence' th.pdf:pdf},
  isbn = {0034801723},
  issn = {07234864},
  journal = {Experiments in Fluids},
  month = {sep},
  number = {9},
  pages = {118},
  publisher = {Springer Berlin Heidelberg},
  title = {{Evaluation of the topological characteristics of the turbulent flow in a ‘box of turbulence' through 2D time-resolved particle image velocimetry}},
  volume = {58},
  year = {2017}
}

@incollection{Liu2010,
  author = {Liu, Wei and Ribeiro, Eraldo},
  booktitle = {Structural, Syntactic, and Statistical Pattern Recognition},
  doi = {10.1007/978-3-642-14980-1_51},
  file = {:Users/zzwz02/Documents/Mendeley Desktop/Liu, Ribeiro, 2010, Scale and rotation invariant detection of singular patterns in vector flow fields.pdf:pdf},
  isbn = {3642149790},
  issn = {03029743},
  pages = {522--531},
  publisher = {Springer, Berlin, Heidelberg},
  title = {{Scale and rotation invariant detection of singular patterns in vector flow fields}},
  volume = {6218},
  year = {2010}
}

@article{Liu2012,
  author = {Liu, Wei and Ribeiro, Eraldo},
  doi = {10.1016/j.patcog.2012.04.025},
  issn = {00313203},
  journal = {Pattern Recognition},
  keywords = {Complex-valued function,Laurent polynomials,Scale- and rotation-invariance,Singular-pattern detection,Vector fields},
  month = {nov},
  number = {11},
  pages = {3912--3925},
  publisher = {Pergamon},
  title = {{Detecting singular patterns in 2D vector fields using weighted Laurent polynomial}},
  volume = {45},
  year = {2012}
}

@article{Liu2013,
  author = {Liu, Xiaofeng and Katz, Joseph},
  doi = {10.1017/jfm.2013.275},
  file = {:Users/zzwz02/Documents/Mendeley Desktop/Liu, Katz, 2013, Vortex-corner interactions in a cavity shear layer elucidated by time-resolved measurements of the pressure field.pdf:pdf},
  isbn = {9780791844403},
  issn = {00221120},
  journal = {Journal of Fluid Mechanics},
  keywords = {Flow structure interactions,Shear layer turbulence,Vortex dynamics},
  month = {aug},
  pages = {417--457},
  publisher = {Cambridge University Press},
  title = {{Vortex-corner interactions in a cavity shear layer elucidated by time-resolved measurements of the pressure field}},
  volume = {728},
  year = {2013}
}

@article{Lozano-Duran2016,
  archiveprefix = {arXiv},
  arxivid = {1709.00823},
  author = {Lozano-Dur{\'{a}}n, A. and Holzner, M. and Jim{\'{e}}nez, J.},
  doi = {10.1017/jfm.2016.504},
  eprint = {1709.00823},
  issn = {14697645},
  journal = {Journal of Fluid Mechanics},
  keywords = {turbulence simulation,turbulent boundary layers,turbulent flows},
  month = {sep},
  pages = {356--394},
  title = {{Multiscale analysis of the topological invariants in the logarithmic region of turbulent channels at a friction Reynolds number of 932}},
  volume = {803},
  year = {2016}
}

@article{Lthi2009,
  author = {Lthi, Beat and Holzner, Markus and Tsinober, Arkady},
  doi = {10.1017/S0022112009991947},
  file = {:Users/zzwz02/Documents/Mendeley Desktop/Lthi, Holzner, Tsinober, 2009, Expanding the Q-R space to three dimensions.pdf:pdf},
  issn = {00221120},
  journal = {Journal of Fluid Mechanics},
  keywords = {Dynamics,Isotropic,Theory},
  month = {dec},
  pages = {497--507},
  publisher = {Cambridge University Press},
  title = {{Expanding the Q-R space to three dimensions}},
  volume = {641},
  year = {2009}
}

@article{Lu2011,
  author = {Lu, Hao},
  doi = {10.1063/2.1104104},
  issn = {20950349},
  journal = {Theoretical and Applied Mechanics Letters},
  keywords = {isotropic turbulence,large-eddy simulation,subgrid-scale model},
  number = {4},
  pages = {041004},
  title = {{Assessment of the modulated gradient model in decaying isotropic turbulence}},
  volume = {1},
  year = {2011}
}

@article{Mendez2017,
  author = {Mendez, M. A. and Raiola, M. and Masullo, A. and Discetti, S. and Ianiro, A. and Theunissen, R. and Buchlin, J. M.},
  doi = {10.1016/j.expthermflusci.2016.08.021},
  issn = {08941777},
  journal = {Experimental Thermal and Fluid Science},
  keywords = {PIV image pre-processing,POD decomposition of video sequences,Reduced Order Modeling (ROM)},
  month = {jan},
  pages = {181--192},
  publisher = {Elsevier},
  title = {{POD-based background removal for particle image velocimetry}},
  volume = {80},
  year = {2017}
}

@article{Mishra2014,
  author = {Mishra, M. and Liu, X. and Skote, M. and Fu, C. W.},
  doi = {10.1063/1.4871106},
  issn = {10897666},
  journal = {Physics of Fluids},
  month = {may},
  number = {5},
  pages = {055106},
  title = {{Kolmogorov spectrum consistent optimization for multi-scale flow decomposition}},
  volume = {26},
  year = {2014}
}

@article{Moriconi2013,
  archiveprefix = {arXiv},
  arxivid = {1204.5150},
  author = {Moriconi, L. and Pereira, R. M.},
  doi = {10.1103/PhysRevE.88.013005},
  eprint = {1204.5150},
  file = {:Users/zzwz02/Documents/Mendeley Desktop/Moriconi, Pereira, 2013, Vorticity statistics and the time scales of turbulent strain.pdf:pdf},
  issn = {15393755},
  journal = {Physical Review E},
  month = {jul},
  number = {1},
  pages = {013005},
  publisher = {American Physical Society},
  title = {{Vorticity statistics and the time scales of turbulent strain}},
  volume = {88},
  year = {2013}
}

@article{Obeidat2018,
  author = {Obeidat, Anas and Bordas, St{\'{e}}phane P.A.},
  doi = {10.1002/fld.4405},
  file = {:Users/zzwz02/Documents/Mendeley Desktop/Obeidat, Bordas, 2018, Three-dimensional remeshed smoothed particle hydrodynamics for the simulation of isotropic turbulence.pdf:pdf},
  issn = {10970363},
  journal = {International Journal for Numerical Methods in Fluids},
  keywords = {remesh smoothed particle hydrodynamics,three-dimensional isotropic decaying turbulence,turbulent flow},
  month = {jan},
  number = {1},
  pages = {1--19},
  publisher = {Wiley-Blackwell},
  title = {{Three-dimensional remeshed smoothed particle hydrodynamics for the simulation of isotropic turbulence}},
  volume = {86},
  year = {2018}
}

@article{Pumir2017,
  archiveprefix = {arXiv},
  arxivid = {1707.00157},
  author = {Pumir, Alain},
  doi = {10.1103/PhysRevFluids.2.074602},
  eprint = {1707.00157},
  file = {:Users/zzwz02/Documents/Mendeley Desktop/Pumir, 2017, Structure of the velocity gradient tensor in turbulent shear flows.pdf:pdf},
  issn = {2469990X},
  journal = {Physical Review Fluids},
  month = {jul},
  number = {7},
  pages = {074602},
  publisher = {American Physical Society},
  title = {{Structure of the velocity gradient tensor in turbulent shear flows}},
  volume = {2},
  year = {2017}
}

@article{Pumir2016a,
  author = {Pumir, Alain and Xu, Haitao and Bodenschatz, Eberhard and Grauer, Rainer},
  doi = {10.1103/PhysRevLett.116.124502},
  issn = {10797114},
  journal = {Physical Review Letters},
  month = {mar},
  number = {12},
  pages = {124502},
  title = {{Single-Particle Motion and Vortex Stretching in Three-Dimensional Turbulent Flows}},
  volume = {116},
  year = {2016}
}

@article{Pumir2014,
  author = {Pumir, Alain and Xu, Haitao and Boffetta, Guido and Falkovich, Gregory and Bodenschatz, Eberhard},
  doi = {10.1103/PhysRevX.4.041006},
  issn = {21603308},
  journal = {Physical Review X},
  keywords = {Fluid dynamics,Nonlinear dynamics,Statistical physics},
  month = {oct},
  number = {4},
  pages = {041006},
  title = {{Redistribution of kinetic energy in turbulent flows}},
  volume = {4},
  year = {2014}
}

@article{Pumir2016,
  author = {Pumir, Alain and Xu, Haitao and Siggia, Eric D.},
  doi = {10.1017/jfm.2016.529},
  issn = {14697645},
  journal = {Journal of Fluid Mechanics},
  keywords = {turbulence theory,turbulent boundary layers,turbulent flows},
  month = {oct},
  pages = {5--23},
  title = {{Small-scale anisotropy in turbulent boundary layers}},
  volume = {804},
  year = {2016}
}

@article{Ranjan2018,
  author = {Ranjan, R. and Menon, S.},
  doi = {10.1080/14685248.2018.1438616},
  issn = {14685248},
  journal = {Journal of Turbulence},
  keywords = {Two-level simulation,backscatter,large eddy simulation,turbulent transport,vorticity},
  month = {apr},
  number = {4},
  pages = {334--364},
  publisher = {Taylor {\&} Francis},
  title = {{Vorticity, backscatter and counter-gradient transport predictions using two-level simulation of turbulent flows}},
  volume = {19},
  year = {2018}
}

@article{Rao2017,
  author = {Rao, P. and Caulfield, C. P. and Gibbon, J. D.},
  doi = {10.1017/jfm.2016.719},
  file = {:Users/zzwz02/Documents/Mendeley Desktop/Rao, Caulfield, Gibbon, 2017, Nonlinear effects in buoyancy-driven variable-density turbulence.pdf:pdf},
  issn = {0022-1120},
  journal = {Journal of Fluid Mechanics},
  keywords = {Navier–Stokes equations,buoyancy-driven instability,mathematical foundations},
  month = {jan},
  pages = {362--377},
  publisher = {Cambridge University Press},
  title = {{Nonlinear effects in buoyancy-driven variable-density turbulence}},
  volume = {810},
  year = {2017}
}

@article{Safta2017,
  author = {Safta, Cosmin and Blaylock, Myra and Templeton, Jeremy and Domino, Stefan and Sargsyan, Khachik and Najm, Habib},
  doi = {10.1002/fld.4272},
  issn = {10970363},
  journal = {International Journal for Numerical Methods in Fluids},
  keywords = {Bayesian framework,Rosenblatt transformation,calibration,large eddy simulation,model error,polynomial chaos},
  month = {feb},
  number = {4},
  pages = {376--401},
  title = {{Uncertainty quantification in LES of channel flow}},
  volume = {83},
  year = {2017}
}

@article{Scarsoglio2016,
  archiveprefix = {arXiv},
  arxivid = {1701.01076},
  author = {Scarsoglio, Stefania and Iacobello, Giovanni and Ridolfi, Luca},
  doi = {10.1142/S0218127416502230},
  eprint = {1701.01076},
  issn = {0218-1274},
  journal = {International Journal of Bifurcation and Chaos},
  month = {dec},
  number = {13},
  pages = {1650223},
  title = {{Complex Networks Unveiling Spatial Patterns in Turbulence}},
  volume = {26},
  year = {2016}
}

@article{Schmidt2017,
  archiveprefix = {arXiv},
  arxivid = {1702.01438},
  author = {Schmidt, Lukas and Fouxon, Itzhak and Ditlevsen, Peter and Holzner, Markus},
  eprint = {1702.01438},
  file = {:Users/zzwz02/Documents/Mendeley Desktop/Schmidt et al., 2017, Inhomogeneous preferential concentration of inertial particles in turbulent channel flow.pdf:pdf},
  month = {feb},
  title = {{Inhomogeneous preferential concentration of inertial particles in turbulent channel flow}},
  year = {2017}
}

@article{Shnapp2018,
  author = {Shnapp, Ron and Liberzon, Alex},
  doi = {10.1103/PhysRevLett.120.244502},
  issn = {0031-9007},
  journal = {Physical Review Letters},
  month = {jun},
  number = {24},
  pages = {244502},
  publisher = {American Physical Society},
  title = {{Generalization of Turbulent Pair Dispersion to Large Initial Separations}},
  volume = {120},
  year = {2018}
}

@article{Treib2012,
  author = {Treib, Marc and Burger, Kai and Reichl, Florian and Meneveau, Charles and Szalay, Alex and Westermann, Rudiger},
  doi = {10.1109/TVCG.2012.274},
  isbn = {1077-2626},
  issn = {10772626},
  journal = {IEEE Transactions on Visualization and Computer Graphics},
  keywords = {Visualization system and toolkit design,data compression,data streaming,vector fields,volume rendering},
  month = {dec},
  number = {12},
  pages = {2169--2177},
  title = {{Turbulence visualization at the terascale on desktop PCs}},
  volume = {18},
  year = {2012}
}

@article{Tunstall2017,
  author = {Tunstall, R. and Laurence, D. and Prosser, R. and Skillen, A.},
  doi = {10.1016/j.compfluid.2017.08.002},
  issn = {00457930},
  journal = {Computers and Fluids},
  keywords = {Hybrid LES/RANS,OpenFOAM,Turbulence modelling,Wall-bounded flows},
  month = {nov},
  pages = {73--83},
  publisher = {Pergamon},
  title = {{Towards a generalised dual-mesh hybrid LES/RANS framework with improved consistency}},
  volume = {157},
  year = {2017}
}

@article{VanHooft2018,
  author = {van Hooft, J. Antoon and Popinet, St{\'{e}}phane and van Heerwaarden, Chiel C. and van der Linden, Steven J.A. and de Roode, Stephan R. and van de Wiel, Bas J.H.},
  doi = {10.1007/s10546-018-0335-9},
  file = {:Users/zzwz02/Documents/Mendeley Desktop/van Hooft et al., 2018, Towards Adaptive Grids for Atmospheric Boundary-Layer Simulations.pdf:pdf},
  issn = {15731472},
  journal = {Boundary-Layer Meteorology},
  keywords = {Adaptive mesh refinement,Atmospheric boundary layer,Direct numerical simulations,Large-eddy simulations,Turbulence},
  month = {jun},
  number = {3},
  pages = {421--443},
  publisher = {Springer Netherlands},
  title = {{Towards Adaptive Grids for Atmospheric Boundary-Layer Simulations}},
  volume = {167},
  year = {2018}
}

@article{Wang2017,
  author = {Wang, Cheng Yue and Gao, Qi and Wei, Run Jie and Li, Tian and Wang, Jin Jun},
  doi = {10.1007/s00348-017-2307-0},
  file = {:Users/zzwz02/Documents/Mendeley Desktop/Wang et al., 2017, Weighted divergence correction scheme and its fast implementation.pdf:pdf},
  isbn = {0034801723},
  issn = {07234864},
  journal = {Experiments in Fluids},
  month = {may},
  number = {5},
  pages = {44},
  publisher = {Springer Berlin Heidelberg},
  title = {{Weighted divergence correction scheme and its fast implementation}},
  volume = {58},
  year = {2017}
}

@article{Wang2018,
  author = {Wang, Hong Ping and Wang, Shi Zhao and He, Guo Wei},
  doi = {10.1007/s10409-017-0731-2},
  file = {:Users/zzwz02/Documents/Mendeley Desktop/Wang, Wang, He, 2018, The spanwise spectra in wall-bounded turbulence.pdf:pdf},
  issn = {16143116},
  journal = {Acta Mechanica Sinica/Lixue Xuebao},
  keywords = {Inner/outer peak,Scale separation,Streamwise/spanwise spectra,Wall-bounded turbulence},
  month = {jun},
  number = {3},
  pages = {452--461},
  publisher = {The Chinese Society of Theoretical and Applied Mechanics; Institute of Mechanics, Chinese Academy of Sciences},
  title = {{The spanwise spectra in wall-bounded turbulence}},
  volume = {34},
  year = {2018}
}

@article{Wang2018a,
  author = {Wang, Wentao and Wang, Wenke and Li, Sikun},
  doi = {10.1007/s12650-017-0438-2},
  issn = {1343-8875},
  journal = {Journal of Visualization},
  month = {feb},
  number = {1},
  pages = {147--161},
  publisher = {Springer Berlin Heidelberg},
  title = {{Detection and classification of critical points in piecewise linear vector fields}},
  volume = {21},
  year = {2018}
}

@article{Wang2016,
  author = {Wang, Zhongyi and Gao, Qi and Wang, Chengyue and Wei, Runjie and Wang, Jinjun},
  doi = {10.1007/s00348-016-2189-6},
  issn = {07234864},
  journal = {Experiments in Fluids},
  month = {jun},
  number = {6},
  pages = {104},
  title = {{An irrotation correction on pressure gradient and orthogonal-path integration for PIV-based pressure reconstruction}},
  volume = {57},
  year = {2016}
}

@article{Wu2011,
  author = {Wu, C. C. and Chang, T.},
  doi = {10.5194/npg-18-261-2011},
  issn = {10235809},
  journal = {Nonlinear Processes in Geophysics},
  month = {apr},
  number = {2},
  pages = {261--268},
  title = {{Rank-Ordered Multifractal Analysis (ROMA) of probability distributions in fluid turbulence}},
  volume = {18},
  year = {2011}
}

@article{Xu2013,
  author = {Xu, Duo and Chen, Jun},
  doi = {10.1016/j.expthermflusci.2012.09.006},
  issn = {08941777},
  journal = {Experimental Thermal and Fluid Science},
  keywords = {Energy spectra,PIV,Structure function,Turbulent dissipation rate},
  month = {jan},
  pages = {662--672},
  publisher = {Elsevier},
  title = {{Accurate estimate of turbulent dissipation rate using PIV data}},
  volume = {44},
  year = {2013}
}

@article{Xu2014,
  author = {Xu, Haitao and Pumir, Alain and Falkovich, Gregory and Bodenschatz, Eberhard and Shats, Michael and Xia, Hua and Francois, Nicolas and Boffetta, Guido},
  doi = {10.1073/pnas.1321682111},
  file = {:Users/zzwz02/Documents/Mendeley Desktop/Xu et al., 2014, Flight-crash events in turbulence.pdf:pdf},
  isbn = {0027-8424},
  issn = {0027-8424},
  journal = {Proceedings of the National Academy of Sciences},
  keywords = {Lagrangian description,direct and inverse turbulent energy cascades,nonequilibrium statistical mechanics,nonequilibrium systems,turbulent mixing},
  month = {may},
  number = {21},
  pages = {7558--7563},
  pmid = {24794529},
  publisher = {National Academy of Sciences},
  title = {{Flight-crash events in turbulence}},
  volume = {111},
  year = {2014}
}

@article{Yu2010a,
  archiveprefix = {arXiv},
  arxivid = {0912.3708},
  author = {Yu, Huidan and Meneveau, Charles},
  doi = {10.1103/PhysRevLett.104.084502},
  eprint = {0912.3708},
  file = {:Users/zzwz02/Documents/Mendeley Desktop/Yu, Meneveau, 2010, Lagrangian refined kolmogorov similarity hypothesis for gradient time evolution and correlation in turbulent flows.pdf:pdf},
  issn = {00319007},
  journal = {Physical Review Letters},
  month = {feb},
  number = {8},
  pages = {084502},
  pmid = {20366935},
  publisher = {American Physical Society},
  title = {{Lagrangian refined kolmogorov similarity hypothesis for gradient time evolution and correlation in turbulent flows}},
  volume = {104},
  year = {2010}
}

@article{Yu2010,
  archiveprefix = {arXiv},
  arxivid = {0912.3493},
  author = {Yu, Huidan and Meneveau, Charles},
  doi = {10.1007/s10494-010-9256-5},
  eprint = {0912.3493},
  file = {:Users/zzwz02/Documents/Mendeley Desktop/Yu, Meneveau, 2010, Scaling of conditional lagrangian time correlation functions of velocity and pressure gradient magnitudes in isotrop.pdf:pdf},
  isbn = {1049401092565},
  issn = {13866184},
  journal = {Flow, Turbulence and Combustion},
  keywords = {Direct numerical simulation,Isotropic turbulence,Lagrangian statistics,Refined Kolomogorov similarity hypothesis,Turbulence database},
  month = {dec},
  number = {3-4},
  pages = {457--472},
  publisher = {Springer Netherlands},
  title = {{Scaling of conditional lagrangian time correlation functions of velocity and pressure gradient magnitudes in isotropic turbulence}},
  volume = {85},
  year = {2010}
}

@article{Zhang2017,
  author = {Zhang, Cao and Wang, Jin and Blake, William and Katz, Joseph},
  doi = {10.1017/jfm.2017.299},
  file = {:Users/zzwz02/Documents/Mendeley Desktop/Zhang et al., 2017, Deformation of a compliant wall in a turbulent channel flow.pdf:pdf},
  issn = {14697645},
  journal = {Journal of Fluid Mechanics},
  keywords = {Turbulent boundary Layers,Turbulent flows},
  month = {jul},
  pages = {345--390},
  publisher = {Cambridge University Press},
  title = {{Deformation of a compliant wall in a turbulent channel flow}},
  volume = {823},
  year = {2017}
}

