@comment{{This file has been generated by bib2bib 1.96}}

@comment{{Command line: ./bib2bib --remove abstract --remove copyright --remove url --remove month JHTDB.bib}}

@article{Yu2012,
  author = {Yu, Huidan and Kanov, Kalin and Perlman, Eric and Graham, Jason and Frederix, Edo and Burns, Randal and Szalay, Alexander and Eyink, Gregory and Meneveau, Charles},
  doi = {10.1080/14685248.2012.674643},
  issn = {1468-5248},
  journal = {Journal of Turbulence},
  keywords = {Forced isotropic turbulence,Lagrangian time correlation,Particle tracking,Turbulence database,Web services},
  pages = {N12},
  title = {{Studying Lagrangian dynamics of turbulence using on-demand fluid particle tracking in a public turbulence database}},
  volume = {13},
  year = {2012}
}

@inproceedings{Wang2010,
  author = {Wang, Xiaodan and Perlman, Eric and Burns, Randal and Malik, Tanu and Budav{\~{A}}Â¡ri, Tamas and Meneveau, Charles and Szalay, Alexander},
  booktitle = {2010 ACM/IEEE International Conference for High Performance Computing, Networking, Storage and Analysis},
  doi = {10.1109/SC.2010.31},
  isbn = {978-1-4244-7557-5},
  pages = {1--11},
  publisher = {IEEE},
  title = {{JAWS: Job-Aware Workload Scheduling for the Exploration of Turbulence Simulations}},
  year = {2010}
}

@article{Graham2016,
  author = {Graham, J. and Kanov, K. and Yang, X. I. A. and Lee, M. and Malaya, N. and Lalescu, C. C. and Burns, R. and Eyink, G. and Szalay, A. and Moser, R. D. and Meneveau, C.},
  doi = {10.1080/14685248.2015.1088656},
  issn = {1468-5248},
  journal = {Journal of Turbulence},
  keywords = {Direct numerical simulation,Large eddy simulation,Subgrid-scale,Turbulence modeling,Turbulent boundary layers},
  number = {2},
  pages = {181--215},
  publisher = {Taylor {\&} Francis},
  title = {{A Web services accessible database of turbulent channel flow and its use for testing a new integral wall model for LES}},
  volume = {17},
  year = {2016}
}

@article{Li2008,
  archiveprefix = {arXiv},
  arxivid = {0804.1703},
  author = {Li, Yi and Perlman, Eric and Wan, Minping and Yang, Yunke and Meneveau, Charles and Burns, Randal and Chen, Shiyi and Szalay, Alexander and Eyink, Gregory},
  doi = {10.1080/14685240802376389},
  eprint = {0804.1703},
  file = {:Users/zzwz02/Documents/Mendeley Desktop/Li et al., 2008, A public turbulence database cluster and applications to study Lagrangian evolution of velocity increments in turbulenc.pdf:pdf},
  issn = {1468-5248},
  journal = {Journal of Turbulence},
  keywords = {Database,Intermittency,Simulation,Turbulence,database,intermittency,simulation},
  pages = {N31},
  publisher = {Taylor {\&} Francis Group},
  title = {{A public turbulence database cluster and applications to study Lagrangian evolution of velocity increments in turbulence}},
  volume = {9},
  year = {2008}
}

@inproceedings{Perlman2007,
  address = {New York, New York, USA},
  author = {Perlman, Eric and Burns, Randal and Li, Yi and Meneveau, Charles},
  booktitle = {Proceedings of the 2007 ACM/IEEE conference on Supercomputing - SC '07},
  doi = {10.1145/1362622.1362654},
  file = {:Users/zzwz02/Documents/Mendeley Desktop/Perlman et al., 2007, Data exploration of turbulence simulations using a database cluster.pdf:pdf},
  isbn = {9781595937643},
  pages = {1},
  publisher = {ACM Press},
  title = {{Data exploration of turbulence simulations using a database cluster}},
  year = {2007}
}

@inproceedings{Kanov2012,
  author = {Kanov, Kalin and Burns, Randal and Eyink, Greg and Meneveau, Charles and Szalay, Alexander},
  booktitle = {2012 International Conference for High Performance Computing, Networking, Storage and Analysis},
  doi = {10.1109/SC.2012.41},
  file = {:Users/zzwz02/Documents/Mendeley Desktop/Kanov et al., 2012, Data-intensive spatial filtering in large numerical simulation datasets.pdf:pdf},
  isbn = {978-1-4673-0805-2},
  issn = {21674329},
  pages = {1--9},
  publisher = {IEEE},
  title = {{Data-intensive spatial filtering in large numerical simulation datasets}},
  year = {2012}
}

@inproceedings{Kanov2011,
  address = {New York, New York, USA},
  author = {Kanov, Kalin and Perlman, Eric and Burns, Randal and Ahmad, Yanif and Szalay, Alexander},
  booktitle = {Proceedings of 2011 International Conference for High Performance Computing, Networking, Storage and Analysis on - SC '11},
  doi = {10.1145/2063384.2063423},
  file = {:Users/zzwz02/Documents/Mendeley Desktop/Kanov et al., 2011, IO streaming evaluation of batch queries for data-intensive computational turbulence.pdf:pdf},
  isbn = {9781450307710},
  keywords = {Data-intensive computing,I/O streaming,database clusters,query evaluation,query optimization,software for high-throughput computing},
  pages = {1},
  publisher = {ACM Press},
  title = {{I/O streaming evaluation of batch queries for data-intensive computational turbulence}},
  year = {2011}
}

